BibTex entries generated using Google Scholar.

@article{kumar2012opportunities,
	title={Opportunities and challenges with autonomous micro aerial vehicles},
	author={Kumar, Vijay and Michael, Nathan},
	journal={The International Journal of Robotics Research},
	volume={31},
	number={11},
	pages={1279--1291},
	year={2012},
	publisher={SAGE Publications Sage UK: London, England}
}

@book{leishman2006principles,
	title={Principles of helicopter aerodynamics},
	author={Leishman, Gordon J},
	year={2000},
	publisher={Cambridge university press}
}

@inproceedings{hoffmann2007quadrotor,
	title={Quadrotor helicopter flight dynamics and control: Theory and experiment},
	author={Hoffmann, Gabriel and Huang, Haomiao and Waslander, Steven and Tomlin, Claire},
	booktitle={AIAA Guidance, Navigation and Control Conference and Exhibit},
	pages={6461},
	year={2007}
}

@inproceedings{waslander2009wind,
	title={Wind disturbance estimation and rejection for quadrotor position control},
	author={Waslander, Steven and Wang, Carlos},
	booktitle={AIAA Infotech@ Aerospace Conference and AIAA Unmanned... Unlimited Conference},
	pages={1983},
	year={2009}
}

@article{zhao2017optimal,
	title={Optimal aircraft trajectories for wind energy extraction},
	author={Zhao, Yiming and Dutta, Atri and Tsiotras, Panagiotis and Costello, Mark},
	journal={Journal of Guidance, Control, and Dynamics},
	volume={41},
	number={2},
	pages={488--496},
	year={2017},
	publisher={American Institute of Aeronautics and Astronautics}
}

@inproceedings{sun2018identification,
	title={Identification of Quadrotor Aerodynamic Model from High Speed Flight Data},
	author={Sun, Sihao and Schilder, Rudi and de Visser, Coen C},
	booktitle={2018 AIAA Atmospheric Flight Mechanics Conference},
	pages={0523},
	year={2018}
}

@inproceedings{roberts2017submodular,
	title={Submodular Trajectory Optimization for Aerial 3D Scanning.},
	author={Roberts, Mike and Shah, Shital and Dey, Debadeepta and Truong, Anh and Sinha, Sudipta N and Kapoor, Ashish and Hanrahan, Pat and Joshi, Neel},
	booktitle={ICCV},
	pages={5334--5343},
	year={2017}
}

@inproceedings{bangura2012nonlinear,
	title={Nonlinear dynamic modeling for high performance control of a quadrotor},
	author={Bangura, Moses and Mahony, Robert and others},
	booktitle={Australasian conference on robotics and automation},
	pages={1--10},
	year={2012}
}

@article{frazzoli2002real,
	title={Real-time motion planning for agile autonomous vehicles},
	author={Frazzoli, Emilio and Dahleh, Munther A and Feron, Eric},
	journal={Journal of guidance, control, and dynamics},
	volume={25},
	number={1},
	pages={116--129},
	year={2002}
}

@inproceedings{heng2015efficient,
	title={Efficient visual exploration and coverage with a micro aerial vehicle in unknown environments.},
	author={Heng, Lionel and Gotovos, Alkis and Krause, Andreas and Pollefeys, Marc},
	booktitle={ICRA},
	volume={3},
	number={2},
	pages={3--5},
	year={2015}
}

@inproceedings{huang2009aerodynamics,
	title={Aerodynamics and control of autonomous quadrotor helicopters in aggressive maneuvering},
	author={Huang, Haomiao and Hoffmann, Gabriel M and Waslander, Steven L and Tomlin, Claire J},
	booktitle={Robotics and Automation, 2009. ICRA'09. IEEE International Conference on},
	pages={3277--3282},
	year={2009},
	organization={IEEE}
}

@article{cowlagi2018unmanned,
	title={Unmanned Aerial Vehicle Trajectory Optimization for Executing Intelligent Tasks},
	author={Cowlagi, Raghvendra V and Sperry, Joseph P and Griffin, Jonathan C},
	journal={Journal of Guidance, Control, and Dynamics},
	volume={41},
	number={6},
	pages={1389--1396},
	year={2018},
	publisher={American Institute of Aeronautics and Astronautics}
}

@article{leishman2014quadrotors,
	title={Quadrotors and accelerometers: State estimation with an improved dynamic model},
	author={Leishman, Robert C and Macdonald, John and Beard, Randal W and McLain, Timothy W},
	year={2014},
	publisher={IEEE}
}

@book{anderson2005introduction,
	title={Introduction to Flight},
	author={Anderson, J.D.},
	isbn={9780072825695},
	lccn={03026151},
	series={McGraw-Hill series in aeronautical and aerospace engineering},
	url={https://books.google.com/books?id=Hd\_AR0CAmsoC},
	year={2005},
	publisher={McGraw-Hill Higher Education}
}

@inproceedings{bouabdallah2004pid,
	title={PID vs LQ control techniques applied to an indoor micro quadrotor},
	author={Bouabdallah, Samir and Noth, Andre and Siegwart, Roland},
	booktitle={Proc. of The IEEE International Conference on Intelligent Robots and Systems (IROS)},
	pages={2451--2456},
	year={2004},
	organization={IEEE}
}

@inproceedings{pounds2002design,
	title={Design of a four-rotor aerial robot},
	author={Pounds, Paul and Mahony, Robert and Hynes, Peter and Roberts, Jonathan M},
	booktitle={Proceedings of the 2002 Australasian Conference on Robotics and Automation (ACRA 2002)},
	pages={145--150},
	year={2002},
	organization={Australian Robotics \& Automation Association}
}

@inproceedings{sa2018dynamic,
	title={Dynamic System Identification, and Control for a cost-effective and open-source Multi-rotor MAV},
	author={Sa, Inkyu and Kamel, Mina and Khanna, Raghav and Popovi{\'c}, Marija and Nieto, Juan and Siegwart, Roland},
	booktitle={Field and Service Robotics},
	pages={605--620},
	year={2018},
	organization={Springer}
}

@article{escareno2013trajectory,
	title={Trajectory control of a quadrotor subject to 2D wind disturbances},
	author={Escare{\~n}o, Juan and Salazar, Sergio and Romero, Hugo and Lozano, Rogelio},
	journal={Journal of Intelligent \& Robotic Systems},
	volume={70},
	number={1-4},
	pages={51--63},
	year={2013},
	publisher={Springer}
}

@inproceedings{mcgee2006path,
	title={Path planning and control for multiple point surveillance by an unmanned aircraft in wind},
	author={McGee, Timothy G and Hedrick, J Karl},
	booktitle={American Control Conference, 2006},
	pages={6--pp},
	year={2006},
	organization={IEEE}
}

@article{tie2013review,
  title={A review of energy sources and energy management system in electric vehicles},
  author={Tie, Siang Fui and Tan, Chee Wei},
  journal={Renewable and Sustainable Energy Reviews},
  volume={20},
  pages={82--102},
  year={2013},
  publisher={Elsevier}
}

@inproceedings{mueggler2014event,
  title={Event-based, 6-DOF pose tracking for high-speed maneuvers},
  author={Mueggler, Elias and Huber, Basil and Scaramuzza, Davide},
  booktitle={Intelligent Robots and Systems (IROS 2014), 2014 IEEE/RSJ International Conference on},
  pages={2761--2768},
  year={2014},
  organization={IEEE}
}

@article{rebecq2017evo,
  title={Evo: A geometric approach to event-based 6-dof parallel tracking and mapping in real time},
  author={Rebecq, Henri and Horstschaefer, Timo and Gallego, Guillermo and Scaramuzza, Davide},
  journal={IEEE Robotics and Automation Letters},
  volume={2},
  number={2},
  pages={593--600},
  year={2017},
  publisher={IEEE}
}

@inproceedings{hoffmann2004stanford,
  title={The Stanford testbed of autonomous rotorcraft for multi agent control (STARMAC)},
  author={Hoffmann, Gabe and Rajnarayan, Dev Gorur and Waslander, Steven L and Dostal, David and Jang, Jung Soon and Tomlin, Claire J},
  booktitle={Digital Avionics Systems Conference, 2004. DASC 04. The 23rd},
  volume={2},
  pages={12--E},
  year={2004},
  organization={IEEE}
}

@article{zeng2017energy,
  title={Energy-efficient UAV communication with trajectory optimization},
  author={Zeng, Yong and Zhang, Rui},
  journal={IEEE Trans. Wireless Commun},
  volume={16},
  number={6},
  pages={3747--3760},
  year={2017}
}

@inproceedings{di2015energy,
  title={Energy-Aware Coverage Path Planning of UAVs.},
  author={Di Franco, Carmelo and Buttazzo, Giorgio C},
  booktitle={ICARSC},
  pages={111--117},
  year={2015}
}

@inproceedings{ware2016analysis,
  title={An analysis of wind field estimation and exploitation for quadrotor flight in the urban canopy layer},
  author={Ware, John and Roy, Nicholas},
  booktitle={2016 IEEE International Conference on Robotics and Automation (ICRA)},
  pages={1507--1514},
  year={2016},
  organization={IEEE}
}

@article{karydis2017energetics,
  title={Energetics in robotic flight at small scales},
  author={Karydis, Konstantinos and Kumar, Vijay},
  journal={Interface focus},
  volume={7},
  number={1},
  pages={20160088},
  year={2017},
  publisher={The Royal Society}
}

@inproceedings{tagliabue2019model,
  title={Model-free online motion adaption for optimal range and endurance of multicopters},
  author={Tagliabue, Andrea and Wu, Xiangyu and Mueller, Mark W},
  booktitle={2019 IEEE International Conference on Robotics and Automation (ICRA)},
  year={2019},
  organization={IEEE}
}

@inproceedings{schulz2015high,
  title={High-speed, steady flight with a quadrocopter in a confined environment using a tether},
  author={Schulz, Maximilian and Augugliaro, Federico and Ritz, Robin and D'Andrea, Raffaello},
  booktitle={2015 IEEE/RSJ International Conference on Intelligent Robots and Systems (IROS)},
  pages={1279--1284},
  year={2015},
  organization={IEEE}
}

@inproceedings{kreciglowa2017energy,
  title={Energy efficiency of trajectory generation methods for stop-and-go aerial robot navigation},
  author={Kreciglowa, Nadia and Karydis, Konstantinos and Kumar, Vijay},
  booktitle={2017 International Conference on Unmanned Aircraft Systems (ICUAS)},
  pages={656--662},
  year={2017},
  organization={IEEE}
}

@inproceedings{morbidi2016minimum,
  title={Minimum-energy path generation for a quadrotor UAV},
  author={Morbidi, Fabio and Cano, Roel and Lara, David},
  booktitle={2016 IEEE International Conference on Robotics and Automation (ICRA)},
  pages={1492--1498},
  year={2016},
  organization={IEEE}
}

@article{kai2017nonlinear,
  title={Nonlinear feedback control of quadrotors exploiting first-order drag effects},
  author={Kai, Jean-Marie and Allibert, Guillaume and Hua, Minh-Duc and Hamel, Tarek},
  journal={IFAC-PapersOnLine},
  volume={50},
  number={1},
  pages={8189--8195},
  year={2017},
  publisher={Elsevier}
}
