BibTex entries generated using Google Scholar.

@book{leishman2006principles,
	title={Principles of helicopter aerodynamics},
	author={Leishman, Gordon J},
	year={2000},
	publisher={Cambridge university press}
}

@article{kumar2012opportunities,
	title={Opportunities and challenges with autonomous micro aerial vehicles},
	author={Kumar, Vijay and Michael, Nathan},
	journal={Int. J. Rob. Res.},
	volume={31},
	number={11},
	pages={1279--1291},
	year={2012},
	publisher={SAGE Publications Sage UK: London, England}
}

@inproceedings{di2015energy,
	title={Energy-Aware Coverage Path Planning of UAVs.},
	author={Di Franco, Carmelo and Buttazzo, Giorgio C},
	booktitle={Int. Conf. Aut. Rob. Sys. Comp.},
	pages={111--117},
	year={2015}
}

@inproceedings{ware2016analysis,
	title={An analysis of wind field estimation and exploitation for quadrotor flight in the urban canopy layer},
	author={Ware, John and Roy, Nicholas},
	booktitle={Int. Conf. Rob. Aut.},
	pages={1507--1514},
	year={2016},
	organization={IEEE}
}

@inproceedings{tagliabue2019model,
	title={Model-free online motion adaption for optimal range and endurance of multicopters},
	author={Tagliabue, Andrea and Wu, Xiangyu and Mueller, Mark W},
	booktitle={Int. Conf. Rob. Aut.},
	year={2019},
	organization={IEEE}
}

@article{karydis2017energetics,
	title={Energetics in robotic flight at small scales},
	author={Karydis, Konstantinos and Kumar, Vijay},
	journal={Interface focus},
	volume={7},
	number={1},
	pages={20160088},
	year={2017},
	publisher={The Royal Society}
}

@inproceedings{liu2017power,
	title={A power consumption model for multi-rotor small unmanned aircraft systems},
	author={Liu, Zhilong and Sengupta, Raja and Kurzhanskiy, Alex},
	booktitle={Int. Conf. Unm. Aer. Sys.},
	pages={310--315},
	year={2017},
	organization={IEEE}
}

@inproceedings{bezzo2016online,
	title={Online planning for energy-efficient and disturbance-aware uav operations},
	author={Bezzo, Nicola and Mohta, Kartik and Nowzari, Cameron and Lee, Insup and Kumar, Vijay and Pappas, George},
	booktitle={Int. Conf. Intel. Rob. Sys.},
	pages={5027--5033},
	year={2016},
	organization={IEEE}
}

@article{prasetia2019mission,
	title={Mission-Based Energy Consumption Prediction of Multirotor UAV},
	author={Prasetia, Alex S and Wai, Rong-Jong and Wen, Yi-Lun and Wang, Yu-Kai},
	journal={IEEE Access},
	volume={7},
	pages={33055--33063},
	year={2019},
	publisher={IEEE}
}

@inproceedings{bangura2012nonlinear,
	title={Nonlinear dynamic modeling for high performance control of a quadrotor},
	author={Bangura, Moses and Mahony, Robert},
	booktitle={Aus. Conf. Rob. Aut.},
	pages={1--10},
	year={2012}
}

@inproceedings{hoffmann2007quadrotor,
	title={Quadrotor helicopter flight dynamics and control: Theory and experiment},
	author={Hoffmann, Gabriel and Huang, Haomiao and Waslander, Steven and Tomlin, Claire},
	booktitle={Gui. Nav. Con. Conf. Exh.},
	pages={6461},
	year={2007},
	publisher={AIAA}
}

@inproceedings{hoffmann2004stanford,
	title={The Stanford testbed of autonomous rotorcraft for multi agent control (STARMAC)},
	author={Hoffmann, Gabe and Rajnarayan, Dev Gorur and Waslander, Steven L and Dostal, David and Jang, Jung Soon and Tomlin, Claire J},
	booktitle={Dig. Avi. Sys. Conf.},
	volume={2},
	pages={12--E},
	year={2004},
	organization={IEEE}
}

@inproceedings{pounds2002design,
	title={Design of a four-rotor aerial robot},
	author={Pounds, Paul and Mahony, Robert and Hynes, Peter and Roberts, Jonathan M},
	booktitle={Aus. Conf. Rob. Aut.},
	pages={145--150},
	year={2002},
	organization={Australian Robotics \& Automation Association}
}

@inproceedings{schulz2015high,
	title={High-speed, steady flight with a quadrocopter in a confined environment using a tether},
	author={Schulz, Maximilian and Augugliaro, Federico and Ritz, Robin and D'Andrea, Raffaello},
	booktitle={Int. Conf. Intel. Rob. Sys.},
	pages={1279--1284},
	year={2015},
	organization={IEEE}
}

@inproceedings{huang2009aerodynamics,
	title={Aerodynamics and control of autonomous quadrotor helicopters in aggressive maneuvering},
	author={Huang, Haomiao and Hoffmann, Gabriel M and Waslander, Steven L and Tomlin, Claire J},
	booktitle={Int. Conf. Rob. Aut.},
	pages={3277--3282},
	year={2009},
	organization={IEEE}
}

@article{leishman2014quadrotors,
	title={Quadrotors and accelerometers: State estimation with an improved dynamic model},
	author={Leishman, Robert C and Macdonald, John C and Beard, Randal W and McLain, Timothy W},
	journal={Con. Sys. Mag.},
	volume={34},
	number={1},
	pages={28--41},
	year={2014},
	publisher={IEEE}
}

@inproceedings{waslander2009wind,
	title={Wind disturbance estimation and rejection for quadrotor position control},
	author={Waslander, Steven and Wang, Carlos},
	booktitle={Info. Aero. Conf. AIAA},
	pages={1983},
	year={2009},
	publisher={AIAA}
}

@article{gonzalez2019sensing,
	title={Sensing Wind from Quadrotor Motion},
	author={Gonz{\'a}lez-Rocha, Javier and Woolsey, Craig A and Sultan, Cornel and De Wekker, Stephan FJ},
	journal={J. Gui. Con. Dyn.},
	volume={42},
	number={4},
	pages={836--852},
	year={2019},
	publisher={AIAA}
}

@inproceedings{xiang2016wind,
	title={Wind field estimation through autonomous quadcopter avionics},
	author={Xiang, Xingyu and Wang, Zhonghai and Mo, Zijian and Chen, Genshe and Pham, Khanh and Blasch, Erik},
	booktitle={Dig. Avi. Sys. Conf.},
	pages={1--6},
	year={2016},
	organization={IEEE}
}

@inproceedings{kreciglowa2017energy,
	title={Energy efficiency of trajectory generation methods for stop-and-go aerial robot navigation},
	author={Kreciglowa, Nadia and Karydis, Konstantinos and Kumar, Vijay},
	booktitle={Int. Conf. Unm. Aer. Sys.},
	pages={656--662},
	year={2017},
	organization={IEEE}
}

@book{anderson2005introduction,
	title={Introduction to Flight},
	author={Anderson, J.D.},
	isbn={9780072825695},
	lccn={03026151},
	series={McGraw-Hill series in aeronautical and aerospace engineering},
	year={2005},
	publisher={McGraw-Hill Higher Education}
}
